@misc{Lecture3,
    author={Per Austrin},
    title={Lecture 3: Greedy Approximation Algorithms},
    month={September},
    yea ={2023},
    publisher={DD2440 Advanced Algorithms KTH}
}

@online{harvey2014cpsc536n,
    author    = "Nick Harvey",
    title     = "{CPSC 536N: Randomized Algorithms 2014-15 Term 2 Lecture 3}",
    year      = "2014",
    note      = "University of British Columbia",
    url       = "https://www.cs.ubc.ca/~nickhar/W15/Lecture3Notes.pdf"
}

@misc{Lecture6,
    author={loana Bercea},
    title={Lecture 6: Sampling and Probability Amplification},
    month={October},
    year={2023},
    publisher={DD2440 Advanced Algorithms KTH}
}